%% This BibTeX bibliography file was created using BibDesk.
%% http://bibdesk.sourceforge.net/


%% Created for Galyardt at 2014-08-21 22:49:39 -0400 


%% Saved with string encoding Unicode (UTF-8) 

@article{FT74, author={Friedman, J. H. and Tukey, J. W.},
  year=1974, 
  title={A Projection Pursuit Algorithm for Exploratory Data Analysis},
  journal={IEEE Transactionson Computers},
  volume=23, 
  pages={881--889}}

@incollection{kr69, author={Kruskal, J. B.},  
  year=1969, 
  title={Toward a Practical Method Which Helps Uncover the Structure of a Set of Observations By Finding the Line Transformation Which Optimizes a New `Index of Condensation'}, 
  pages={427--440},
  editor={Milton, R. C. and Nelder, J. A.},
  booktitle={Statistical Computation},
  publisher={Academic Press}, 
  address={New York}
}

@article{CBC92,
	Author = {Cook, D. and Buja, A. and Cabrera,J.},
	Journal = {Computing Science and Statistics},
	Pages = {478--482},
	Title = {An {A}nalysis of {P}olynomial-based {P}rojection {P}ursuit},
	Volume = 24,
	Year = 1992}

@article{CBC93,
 ISSN = {10618600},
 author = {Dianne Cook and Andreas Buja and Javier Cabrera},
 journal = {Journal of Computational and Graphical Statistics},
 number = {3},
 pages = {225--250},
 publisher = {[American Statistical Association, Taylor & Francis, Ltd., Institute of Mathematical Statistics, Interface Foundation of America]},
 title = {Projection Pursuit Indexes Based on Orthonormal Function Expansions},
 volume = {2},
 year = {1993}
}


@article{AHC02,
	Author = {Ahn, J.~S. and Hofmann, H. and Cook, D.},
	Journal = {Computational Statistics},
	Number = 3,
	Pages = {605–626},
	Title = {{A} {P}rojection {P}ursuit {M}ethod on the {M}ultidimensional {S}quared {C}ontingency {T}able},
	Volume = 18,
	Year = 2003}
	
@article{f87, author={Friedman, J. H.},
  year=1987,
  title={Exploratory Projection Pursuit},
  journal={Journal of the American Statistical Association}, 
  volume=82, issue=1, pages={249--266}
}

@article {CEM:CEM2568,
author = {Hou, Siyuan and Wentzell, Peter D.},
title = {Re-centered kurtosis as a projection pursuit index for multivariate data analysis},
journal = {Journal of Chemometrics},
volume = {28},
number = {5},
issn = {1099-128X},
pages = {370--384},
keywords = {projection pursuit, exploratory data analysis, unbalanced data, clustering, kurtosis, optimization},
year = {2014},
note = {CEM-13-0108.R1},
}

@article{JS87, author={Jones, M. C. and Sibson, R.},
  year=1987, 
  title={What is projection pursuit?},
  journal={J. Roy. Statist. Soc., Ser. A},
  volume=150, pages={1--36}
}

@ARTICLE{5508437, 
author={E. Rodriguez-Martinez and J. Yannis Goulermas and T. Mu and J. F. Ralph}, 
journal={IEEE Transactions on Neural Networks}, 
title={Automatic Induction of Projection Pursuit Indices}, 
year={2010}, 
volume={21}, 
number={8}, 
pages={1281-1295}, 
ISSN={1045-9227}, 
month={Aug}}

@INPROCEEDINGS{scag, 
author={L. Wilkinson and A. Anand and R. Grossman}, 
booktitle={IEEE Symposium on Information Visualization, 2005. INFOVIS 2005.}, 
title={Graph-theoretic scagnostics}, 
year={2005}, 
volume={}, 
number={}, 
pages={157-164}, 
ISSN={1522-404X}, 
month={Oct}}

@article{WW08,
author = {Leland Wilkinson and Graham Wills},
title = {Scagnostics Distributions},
journal = {Journal of Computational and Graphical Statistics},
volume = {17},
number = {2},
pages = {473-491},
year  = {2008},
publisher = {Taylor & Francis},
}

@misc{LWscagR, 
   author={Urbanek, S. and Wilkinson, L. and Anand, A.},
   year=2012, 
   title={scagnostics: Compute scagnostics - scatterplot diagnostics}, 
   howpublished={\url{https://cran.r-project.org/web/packages/scagnostics/index.html}}}
   
@Manual{rref,
    title = {R: A Language and Environment for Statistical Computing},
    author = {{R Core Team}},
    organization = {R Foundation for Statistical Computing},
    address = {Vienna, Austria},
    year = {2018},
    url = {https://www.R-project.org/},
  }
  
@Manual{geozoo,
    title = {geozoo: Zoo of Geometric Objects},
    author = {Barret Schloerke},
    year = {2016},
    note = {R package version 0.5.1},
    url = {https://CRAN.R-project.org/package=geozoo},
  }

@Manual{HWscagR,
    title = {binostics: Compute Scagnostics},
    author = {Heike Hofmann and Lee Wilkinson and Hadley Wickham and Duncan {Temple Lang} and Anushka Anand},
    year = {2019},
    note = {R package version 0.1.2},
    url = {https://cran.r-project.org/package=binostics}
  }
   
@article{CBCH94,
	Author = {Cook, D. and Buja, A. and Cabrera, J. and Hurley, C.},
	Journal = {Journal of Computational and Graphical Statistics},
	Number = 3,
	Pages = {155--172},
	Title = {Grand {T}our and {P}rojection {P}ursuit},
	Volume = 4,
	Year = 1995}
	
@article{As85,
	Author = {Asimov, D.},
	Journal = {SIAM Journal of Scientific and Statistical Computing},
	Number = {1},
	Pages = {128--143},
	Title = {{T}he {G}rand {T}our: {A} {T}ool for {V}iewing {M}ultidimensional {D}ata},
	Volume = {6},
	Year = 1985
}

@Article{tourr,
    title = {{tourr}: An {R} Package for Exploring Multivariate Data with Projections},
    author = {Hadley Wickham and Dianne Cook and Heike Hofmann and Andreas Buja},
    journal = {Journal of Statistical Software},
    year = {2011},
    volume = {40},
    number = {2},
    pages = {1--18},
}

@book{Cook:2007:IDG:1557227,
 author = {Cook, Dianne and Swayne, Deborah F.},
 title = {Interactive and Dynamic Graphics for Data Analysis With R and GGobi},
 year = {2007},
 isbn = {0387717617, 9780387717616},
 edition = {1st},
 publisher = {Springer Publishing Company, Incorporated},
} 

@article{lckl2005,
author = {Eun-Kyung Lee and Dianne Cook and Sigbert Klinke and Thomas Lumley},
title = {Projection Pursuit for Exploratory Supervised Classification},
journal = {Journal of Computational and Graphical Statistics},
volume = {14},
number = {4},
pages = {831-846},
year  = {2005},
publisher = {Taylor & Francis},
}

@phdthesis{Grimm2016,
  author      = {Katrin Grimm},
  title       = {Kennzahlenbasierte Grafikauswahl},
  type        = {doctoral thesis},
  pages       = {III, 210},
  school      = {Universit{\"a}t Augsburg},
  year        = {2016},
}

@Manual{mbgraphic,
    title = {mbgraphic: Measure Based Graphic Selection},
    author = {Katrin Grimm},
    year = {2017},
    note = {R package version 1.0.0},
    url = {https://CRAN.R-project.org/package=mbgraphic},
}

@article{szekely2007,
author = "Székely, Gábor J. and Rizzo, Maria L. and Bakirov, Nail K.",
fjournal = "The Annals of Statistics",
journal = "Ann. Statist.",
month = "12",
number = "6",
pages = "2769--2794",
publisher = "The Institute of Mathematical Statistics",
title = "Measuring and testing dependence by correlation of distances",
volume = "35",
year = "2007"
}

@Article{w16,
    title = {Smoothing parameter and model selection for general smooth models (with discussion)},
    author = {S.N. Wood and {N.} and {Pya} and B. S{\"a}fken},
    journal = {Journal of the American Statistical Association},
    year = {2016},
    pages = {1548-1575},
    volume = {111},
  }

@article {Reshef1518,
	author = {Reshef, David N. and Reshef, Yakir A. and Finucane, Hilary K. and Grossman, Sharon R. and McVean, Gilean and Turnbaugh, Peter J. and Lander, Eric S. and Mitzenmacher, Michael and Sabeti, Pardis C.},
	title = {Detecting Novel Associations in Large Data Sets},
	volume = {334},
	number = {6062},
	pages = {1518--1524},
	year = {2011},
	publisher = {American Association for the Advancement of Science},
	issn = {0036-8075},
	eprint = {http://science.sciencemag.org/content/334/6062/1518.full.pdf},
	journal = {Science}
}


@article{minerva,
    author = {Albanese, Davide and Filosi, Michele and Visintainer, Roberto and Riccadonna, Samantha and Jurman, Giuseppe and Furlanello, Cesare},
    title = "{minerva and minepy: a C engine for the MINE suite and its R, Python and MATLAB wrappers}",
    journal = {Bioinformatics},
    volume = {29},
    number = {3},
    pages = {407-408},
    year = {2012},
    month = {12},
    issn = {1367-4803}
}

@article{JMLRv1715308,
  author  = {Yakir A. Reshef and David N. Reshef and Hilary K. Finucane and Pardis C. Sabeti and Michael Mitzenmacher},
  title   = {Measuring Dependence Powerfully and Equitably},
  journal = {Journal of Machine Learning Research},
  year    = {2016},
  volume  = {17},
  number  = {212},
  pages   = {1-63},
}

@article{nason1992,
  title     = "Entropy in multivariate analysis: projection pursuit",
  author    = "GP Nason",
  year      = "1992",
  language  = "English",
  volume    = "29",
  pages     = "430 -- 435",
  journal   = "Analytical Proceedings",
  issn      = "0144-557X",
  publisher = "Royal Society of Chemistry",
}

@incollection{NIPS1997_1408,
title = {New Approximations of Differential Entropy for Independent Component Analysis and Projection Pursuit},
author = {Aapo Hyvarinen},
booktitle = {Advances in Neural Information Processing Systems 10},
editor = {M. I. Jordan and M. J. Kearns and S. A. Solla},
pages = {273--279},
year = {1998},
publisher = {MIT Press},
}

@article{PhysRevLett119161101,
  author         = "Abbott, B. P. and others",
  title = {GW170817: Observation of Gravitational Waves from a Binary Neutron Star Inspiral},
  collaboration = {LIGO Scientific Collaboration and Virgo Collaboration},
  journal = {Phys. Rev. Lett.},
  volume = {119},
  issue = {16},
  pages = {161101},
  numpages = {18},
  year = {2017},
  month = {Oct},
  publisher = {American Physical Society},
}

@article{Abbott2018exr,
      author         = "Abbott, B. P. and others",
      title          = "{GW170817: Measurements of neutron star radii and
                        equation of state}",
      collaboration  = "LIGO Scientific, Virgo",
      journal        = "Phys. Rev. Lett.",
      volume         = "121",
      year           = "2018",
      number         = "16",
      pages          = "161101",
      reportNumber   = "LIGO-P1800115",
      SLACcitation   = "%%CITATION = ARXIV:1805.11581;%%"
}


@misc{ligoData,
  author = "LIGO",
  year = 2018,
  note = "{Neutron star merger posterior distribution in Parametrized-EoS\_nomaxmass\_posterior\_samples.dat.}",
  howpublished={\url{https://dcc.ligo.org/public/0152/P1800115/005}}
}

@article{Smith:2016qas,
      author         = "Smith, Rory and Field, Scott E. and Blackburn, Kent and
                        Haster, Carl-Johan and Pürrer, Michael and Raymond,
                        Vivien and Schmidt, Patricia",
      title          = "{Fast and accurate inference on gravitational waves from
                        precessing compact binaries}",
      journal        = "Phys. Rev.",
      volume         = "D94",
      year           = "2016",
      number         = "4",
      pages          = "044031",
      reportNumber   = "LIGO-DOCUMENT-NUMBER-P1600096, LIGO-P1600096",
      SLACcitation   = "%%CITATION = ARXIV:1604.08253;%%"
}

@article{corner,
    Author = {Daniel Foreman-Mackey},
    Title = {corner.py: Scatterplot matrices in Python},
    Journal = {The Journal of Open Source Software},
    Year = 2016,
    Volume = 24,
}

@article{posse95a,
 ISSN = {10618600},
 author = {Christian Posse},
 journal = {Journal of Computational and Graphical Statistics},
 number = {2},
 pages = {83--100},
 publisher = {[American Statistical Association, Taylor & Francis, Ltd., Institute of Mathematical Statistics, Interface Foundation of America]},
 title = {Tools for Two-Dimensional Exploratory Projection Pursuit},
 volume = {4},
 year = {1995}
}


@article{posse95b,
title = "Projection pursuit exploratory data analysis",
journal = "Computational Statistics \& Data Analysis",
volume = "20",
number = "6",
pages = "669 - 687",
year = "1995",
issn = "0167-9473",
author = "Christian Posse",
keywords = "Cluster analysis, Exploratory data analysis, Global optimization, Invariant chi-squared test statistics, p-values for projections, Projection pursuit, Two-dimensional projections"
}

@article{posse90,
author = {Posse, Christian},
year = {1990},
month = {01},
pages = {},
title = {An effective two-dimensional projection pursuit algorithm},
volume = {19},
journal = {Communication in Statistics- Simulation and Computation}
}

@article{huber85,
author = "Huber, Peter J.",
fjournal = "The Annals of Statistics",
journal = "Ann. Statist.",
month = "06",
number = "2",
pages = "435--475",
publisher = "The Institute of Mathematical Statistics",
title = "Projection Pursuit",
volume = "13",
year = "1985"
}

@book{barnett1981interpreting,
  title={Graphical display of data in three and higher dimensions},
  author={Tukey, P.A. and Tukey, J.W.},
  isbn={9780471280392},
  lccn={lc82121862},
  series={Wiley series in probability and mathematical statistics: Applied probability and statistics},
  year={1981},
  publisher={Wiley},
  note={in V. Barnett, Interpreting multivariate data}
}

@article{diaconis84,
author = "Diaconis, Persi and Freedman, David",
fjournal = "The Annals of Statistics",
journal = "Ann. Statist.",
month = "09",
number = "3",
pages = "793--815",
publisher = "The Institute of Mathematical Statistics",
title = "Asymptotics of Graphical Projection Pursuit",
volume = "12",
year = "1984"
}

@article{hall89,
author = "Hall, Peter",
fjournal = "The Annals of Statistics",
journal = "Ann. Statist.",
month = "06",
number = "2",
pages = "589--605",
publisher = "The Institute of Mathematical Statistics",
title = "On Polynomial-Based Projection Indices for Exploratory Projection Pursuit",
volume = "17",
year = "1989"
}

@book{compaqFortran,
  title={Compaq Fortran: Language Reference Manual},
  author={{Compaq Computer Corporation}},
  year={1999},
  publisher={Compaq Computer Corporation}
}

@inproceedings{Buja2004ComputationalMF,
  title={Computational Methods for High-Dimensional Rotations in Data Visualization},
  author={Andreas Buja and Dianne Cook and DANIEL ASIMOV and Catherine Hurley},
  year={2004}
}

@misc{Marsaglia68, 
  title={Random Numbers Fall Mainly in the Planes},
  author={Marsaglia, G.},
  year=1968,
  volume=61, number=1, pages={25--28}, 
  journal="Proceedings of the National Academy of Science"}
}

@incollection{BCAH05,
	Author = {Buja, A. and Cook, D. and Asimov, D. and Hurley, C.},
	Crossref = {W05},
	Pages = {391--413},
	Title = {{C}omputational {M}ethods for {H}igh-{D}imensional
                  {R}otations in {D}ata {V}isualization},
	Year = 2005}

@book{W05,
	Booktitle = {Handbook of Statistics: Data Mining and Visualization},
	Editor = {Rao, C.~R. and Wegman, E.~J. and Solka, J.~L.},
	Publisher = {Elsevier}}
	
@article{LOPERFIDO201842,
title = "Skewness-based projection pursuit: A computational approach",
journal = "Computational Statistics & Data Analysis",
volume = "120",
pages = "42 - 57",
year = "2018",
issn = "0167-9473",
author = "Nicola Loperfido"
}

@article{naito1997,
author = "Naito, Kanta",
fjournal = "Hiroshima Mathematical Journal",
journal = "Hiroshima Math. J.",
number = "3",
pages = "513--554",
publisher = "Hiroshima University, Department of Mathematics",
title = "A generalized projection pursuit procedure and its significance level",
volume = "27",
year = "1997"
}

@article{PAN2000153,
title = "Multiple outlier detection in multivariate data using projection pursuit techniques",
journal = "Journal of Statistical Planning and Inference",
volume = "83",
number = "1",
pages = "153 - 167",
year = "2000",
issn = "0378-3758",
author = "Jian-Xin Pan and Wing-Kam Fung and Kai-Tai Fang"
}

@article{FER13,
author={Ferraty,F. and Goia,A. and Salinelli,E. and Vieu,P.},
year={2013},
month={06},
title={Functional projection pursuit regression},
journal={Test},
volume={22},
number={2},
pages={293-320},
note={Copyright - Sociedad de Estadística e Investigación Operativa 2013; Document feature - Equations; Tables; ; Last updated - 2013-05-31},
}

@article{extracat,
    title = {New Approaches in Visualization of Categorical Data: {R} Package {extracat}},
    author = {Alexander Pilh{\"o}fer and Antony Unwin},
    journal = {Journal of Statistical Software},
    year = {2013},
    volume = {53},
    number = {7},
    pages = {1--25},
  }

@ARTICLE{tourrGui,
    title = {tourrGui: A gWidgets GUI for the Tour to Explore
        High-Dimensional Data Using Low-Dimensional Projections},
    author = {Bei Huang and Dianne Cook and Hadley Wickham},
    journal = {Journal of Statistical Software},
    year = {2012},
    volume = {49},
    number = {6},
    pages = {1--12}
  }
  
@Book{knitr,
    title = {Dynamic Documents with {R} and knitr},
    author = {Yihui Xie},
    publisher = {Chapman and Hall/CRC},
    address = {Boca Raton, Florida},
    year = {2015},
    edition = {2nd},
    note = {ISBN 978-1498716963},
    url = {https://yihui.name/knitr/},
  }
  
@Book{rmarkdown,
    title = {R Markdown: The Definitive Guide},
    author = {Yihui Xie and J.J. Allaire and Garrett Grolemund},
    publisher = {Chapman and Hall/CRC},
    address = {Boca Raton, Florida},
    year = {2018},
    note = {ISBN 9781138359338},
    url = {https://bookdown.org/yihui/rmarkdown},
  }
  
@Book{bookdown,
    title = {bookdown: Authoring Books and Technical Documents with {R} Markdown},
    author = {Yihui Xie},
    publisher = {Chapman and Hall/CRC},
    address = {Boca Raton, Florida},
    year = {2016},
    note = {ISBN 978-1138700109},
    url = {https://github.com/rstudio/bookdown},
  }
  
@ARTICLE{2014arXiv1401.7645S,
       author = {{Simon}, Noah and {Tibshirani}, Robert},
        title = "{Comment on ``Detecting Novel Associations In Large Data Sets'' by Reshef Et Al, Science Dec 16, 2011}",
      journal = {arXiv e-prints},
     keywords = {Statistics - Methodology},
         year = "2014",
        month = "Jan",
          eid = {arXiv:1401.7645},
        pages = {arXiv:1401.7645},
archivePrefix = {arXiv},
       eprint = {1401.7645},
 primaryClass = {stat.ME},
       adsurl = {https://ui.adsabs.harvard.edu/abs/2014arXiv1401.7645S},
      adsnote = {Provided by the SAO/NASA Astrophysics Data System}
}

@article{Cook:2018mvr,
      author         = "Cook, Dianne and Laa, Ursula and Valencia, German",
      title          = "{Dynamical projections for the visualization of PDFSense
                        data}",
      journal        = "Eur. Phys. J.",
      volume         = "C78",
      year           = "2018",
      number         = "9",
      pages          = "742",
}

@misc{galahr,
  author={Laa, U. and Cook, D.}, 
  year=2019, 
  howpublished={\url{https://github.com/uschiLaa/galahr}}}
  
@misc{spinebil,
  author={Laa, U. and Cook, D.}, 
  year=2019, 
  howpublished={\url{https://github.com/uschiLaa/spinebil}}}
  
@misc{paperSRC,
  author={Laa, U. and Cook, D.}, 
  year=2019, 
  howpublished={\url{https://github.com/uschiLaa/paper-ppi}}}
  
@ARTICLE{1056714, 
author={H. {Edelsbrunner} and D. {Kirkpatrick} and R. {Seidel}}, 
journal={IEEE Transactions on Information Theory}, 
title={On the shape of a set of points in the plane}, 
year={1983}, 
volume={29}, 
number={4}, 
pages={551-559}, 
keywords={Geometry;Image analysis, shape;Image shape analysis}, 
ISSN={0018-9448}, 
month={July},}

@article{2033241,
 ISSN = {00029939, 10886826},
 author = {Joseph B. Kruskal},
 journal = {Proceedings of the American Mathematical Society},
 number = {1},
 pages = {48--50},
 publisher = {American Mathematical Society},
 title = {On the Shortest Spanning Subtree of a Graph and the Traveling Salesman Problem},
 volume = {7},
 year = {1956}
}

@article{Eddy:1977,
 author = {Eddy, William F.},
 title = {A New Convex Hull Algorithm for Planar Sets},
 journal = {ACM Trans. Math. Softw.},
 issue_date = {Dec. 1977},
 volume = {3},
 number = {4},
 month = dec,
 year = {1977},
 issn = {0098-3500},
 pages = {398--403},
 numpages = {6},
 acmid = {355766},
 publisher = {ACM},
 address = {New York, NY, USA},
} 

@book{wahba1990spline,
  title={Spline Models for Observational Data},
  author={Wahba, G.},
  isbn={9780898712445},
  lccn={89028687},
  series={CBMS-NSF Regional Conference Series in Applied Mathematics},
  year={1990},
  publisher={Society for Industrial and Applied Mathematics}
}

